@MANUAL{node,
    title = "Node.js",
    organization = "Node.js",
    url = {https://nodejs.org/en/about},
    note = "[Online; cit. 2019-04-197]"
}

@MANUAL{modulecounts,
    title = "XXX",
    url = {http://www.modulecounts.com},
    note = "[Online; cit. 2019-04-197]"
}

@MANUAL{npmrank,
    title = "Gist",
    url = {https://gist.github.com/anvaka/8e8fa57c7ee1350e3491},
    note = "[Online; cit. 2019-04-197]"
}

@MANUAL{jwt,
    title = "JSON Web Tokens",
    url = {https://jwt.io},
    note = "[Online; cit. 2019-04-197]"
}

@ARTICLE {jwtImage,
    title  = "JSON Web Token Introduction",
    journal = "JSON Web Token Introduction",
    howpublished = "[online]",
    note = "[Online; cit. 2015-10-31]",
    url    = "https://jwt.io/introduction"
}

@MANUAL{typeorm,
    title = "Typeorm.io",
    url = {https://typeorm.io},
    note = "[Online; cit. 2019-04-197]"
}

@MANUAL{swagger,
    title = "Swagger.io",
    url = {https://swagger.io},
    note = "[Online; cit. 2019-04-197]"
}

@MANUAL{apicur,
    title = "Apicurio Studio",
    url = {https://apicur.io},
    note = "[Online; cit. 2019-04-197]"
}

@MANUAL{apiary,
    title = "Apiary.io",
    url = {https://apiary.io},
    note = "[Online; cit. 2019-04-197]"
}

@MANUAL{apiworkbench,
    title = "Apiworkbench.com",
    url = {http://apiworkbench.com/docs},
    note = "[Online; cit. 2019-04-197]"
}

@MANUAL{githubSwaggerUI,
    title = "swagger-api/swagger-ui",
    organization = "GitHub",
    url = {https://github.com/swagger-api/swagger-ui},
    note = "[Online; cit. 2019-04-14]"
}

@MANUAL{githubSwaggerEditor,
    title = "swagger-api/swagger-editor",
    organization = "GitHub",
    url = {https://github.com/swagger-api/swagger-editor},
    note = "[Online; cit. 2019-04-14]"
}

@MANUAL{githubApicur,
    title = "Apicurio/apicurio-studio",
    organization = "GitHub",
    url = {https://github.com/Apicurio/apicurio-studio},
    note = "[Online; cit. 2019-04-14]"
}

@MANUAL{githubApiworkbench,
    title = "	mulesoft/api-workbench",
    organization = "GitHub",
    url = {https://github.com/mulesoft/api-workbench},
    note = "[Online; cit. 2019-04-14]"
}


@MANUAL{svgspec,
    title = "Scalable Vector Graphics (SVG) 1.1 Specification",
    organization = "WWW Consorcium",
    url = "http://www.w3.org/TR/2003/REC-SVG11-20030114/",
    note = "[Online; cit. 2011-07-07]",
    key = "svg"
}

@INBOOK{kobltypo,
	title = "Praktick{\' a} typografie",
	author = "Pavel Ko{\v c}i{\v c}ka and Filip Blazek",
	publisher = "Brno: Computer Press",
	year = "2004"
}

@BOOK{rybicka,
	title = "LaTeX pro za\v c\'ate\v cn\'\i{}ky",
	author = "Ji{\v r}{\' i} Rybicka",
	isbn = "80-7302-049-1",
	publisher = "Brno: Konvoj",
	edition = "3"
}

@MANUAL{iso690,
	organization = "\'U\v rad pro technickou normalizaci, metrologii a st\'atn\'\i{} zku\v sebnictv\'\i{}",
	title = "\v CSN ISO 690 Informace a dokumentace -- Pravidla pro bibliografick\'e odkazy a citace informa\v cn\'\i{}ch zdroj{\r u}",
	year = "2011"
}


@ARTICLE {sitova-karta-s-fpga-xilinx,
    title  = "Síťová karta s FPGA Xilinx pro 1 a 10GbE",
    journal = "V: Pandatron - elektrotechnický magazín",
    howpublished = "[online]",
    month  = "červen",
    year   = "2013",
    note = "[Online; cit. 2015-10-31]",
    url    = "http://pandatron.cz/?2939&sitova_karta_s_fpga_xilinx_pro_1_a_10gbe"
}
